
@article{FreundSmithPolderman,
  title = {Klein Links and Braids},
  author = {Freund, David and Smith-Polderman, Sarah},
  journal = {Rose-Hulman Undergraduate Mathematics Journal},
  volume = {14},
  number = {1},
  year = {2013},
  url = {https://www.rose-hulman.edu/mathjournal/archives/2013/vol14-n1/paper6/v14n1-6pd.pdf}
}

@article{Abramsky,
  title = {Temperley-Leib Algebra: From Knot Theory to Logic and Computation via Quantum Mechanics},
  author = {Abramsky, Samson},
  booktitle = {Mathematics of Quantum Computing and Technology},
  pages = {415-458},
  year = {2007},
  url = {http://www.cs.ox.ac.uk/samson.abramsky/tambook.pdf}
}

@article{Kauffman,
  title = {State Models and the Jones Polynomial},
  author = {Kauffman, Louis},
  journal = {Topology},
  volume = {26},
  number = {3},
  pages = {395-407},
  year = {1987},
  url = {http://www.maths.ed.ac.uk/~aar/papers/kauffmanjones.pdf}
}

@online{Jones,
  title = {The Jones Polynomial},
  author = {Jones, Vaughan},
  url = {https://math.berkeley.edu/~vfr/jones.pdf}
}

@online{Link,
  title = {Klein Link Catalogue},
  author = {Bowen, Jennifer},
  url = {http://discover.wooster.edu/jbowen/research/klein-links/digital-catalogue/}
}

@online{BowenJennifer,
  title = {Klein Link Multiplicity and Recursion},
  author = {Bowen, Jennifer et al.},
  url = {http://discover.wooster.edu/jbowen/files/2013/10/Klein-Link-Multiplicity-and-Recursion.pdf}
}
